@book{buffon,
  title={Initial discourse: On the manner of studying and expounding Natural History},
  author={Buffon, Georges-Louis Leclerc},
  editor={John Lyon and Philip Sloan},
  booktitle={From Natural History to the History of Nature: Readings from Buffon and his Critics},
  pages={97--128},
  year={1981},
  publisher={University of Notre Dame Press}
}

@article{benton,
  title={Stems, nodes, crown clades, and rank-free lists: is Linnaeus dead?},
  author={Benton, Michael J},
  journal={Biological Reviews},
  volume={75},
  number={4},
  pages={633--648},
  year={2000},
  publisher={Wiley Online Library}
}

@Article{scigrowth,
   Author="Larsen, P. O.  and von Ins, M. ",
   Title="{{T}he rate of growth in scientific publication and the decline in coverage provided by {S}cience {C}itation {I}ndex}",
   Journal="Scientometrics",
   Year="2010",
   Volume="84",
   Number="3",
   Pages="575--603",
   Month="Sep"
}