


@inproceedings{siamese,
  title={Learning a similarity metric discriminatively, with application to face verification},
  author={Chopra, Sumit and Hadsell, Raia and LeCun, Yann},
  booktitle={Computer Vision and Pattern Recognition, 2005. CVPR 2005. IEEE Computer Society Conference on},
  volume={1},
  pages={539--546},
  year={2005},
  organization={IEEE}
}

@article{coupling,
  title={Bibliographic coupling, common abstract stems and clustering: A comparison of two document-document similarity approaches in the context of science mapping},
  author={Ahlgren, Per and Jarneving, Bo},
  journal={Scientometrics},
  volume={76},
  number={2},
  pages={273--290},
  year={2008},
  publisher={Springer}
}